@article{selective,
  title={Multi-agent reinforcement learning: A selective overview of theories and algorithms},
  author={Zhang, Kaiqing and Yang, Zhuoran and Ba{\c{s}}ar, Tamer},
  journal={arXiv preprint arXiv:1911.10635},
  year={2019}
}

@incollection{egt,
  title={Game theory and multi-agent reinforcement learning},
  author={Now{\'e}, Ann and Vrancx, Peter and De Hauwere, Yann-Micha{\"e}l},
  booktitle={Reinforcement Learning},
  pages={441--470},
  year={2012},
  publisher={Springer}
}

@incollection{overview,
  title={Multi-agent reinforcement learning: An overview},
  author={Bu{\c{s}}oniu, Lucian and Babu{\v{s}}ka, Robert and De Schutter, Bart},
  booktitle={Innovations in multi-agent systems and applications-1},
  pages={183--221},
  year={2010},
  publisher={Springer}
}

@phdthesis{jakob,
  title={Deep multi-agent reinforcement learning},
  author={Foerster, Jakob N},
  year={2018},
  school={University of Oxford}
}

@inproceedings{cooperative,
  title={An overview of cooperative and competitive multiagent learning},
  author={Jan’t Hoen, Pieter and Tuyls, Karl and Panait, Liviu and Luke, Sean and La Poutre, Johannes A},
  booktitle={International Workshop on Learning and Adaption in Multi-Agent Systems},
  pages={1--46},
  year={2005},
  organization={Springer}
}

@article{cooperativemarl,
author = {Panait, Liviu and Luke, Sean},
title = {Cooperative Multi-Agent Learning: The State of the Art},
year = {2005},
issue_date = {November  2005},
publisher = {Kluwer Academic Publishers},
address = {USA},
volume = {11},
number = {3},
issn = {1387-2532},
url = {https://doi.org/10.1007/s10458-005-2631-2},
doi = {10.1007/s10458-005-2631-2},
journal = {Autonomous Agents and Multi-Agent Systems},
month = nov,
pages = {387–434},
numpages = {48},
keywords = {cooperation, multi-agent systems, multi-agent learning, machine learning, survey}
}

@book{book,
  title={Multiagent systems: Algorithmic, game-theoretic, and logical foundations},
  author={Shoham, Yoav and Leyton-Brown, Kevin},
  year={2008},
  publisher={Cambridge University Press}
}

@inproceedings{markov,
author = {Wang, Xiaofeng and Sandholm, Tuomas},
title = {Reinforcement Learning to Play an Optimal Nash Equilibrium in Team Markov Games},
year = {2002},
publisher = {MIT Press},
address = {Cambridge, MA, USA},
pages = {1603–1610},
numpages = {8},
series = {NIPS'02}
}

@article{qmix,
  title={QMIX: Monotonic value function factorisation for deep multi-agent reinforcement learning},
  author={Rashid, Tabish and Samvelyan, Mikayel and De Witt, Christian Schroeder and Farquhar, Gregory and Foerster, Jakob and Whiteson, Shimon},
  journal={arXiv preprint arXiv:1803.11485},
  year={2018}
}

@article{smirl,
  title={SMiRL: Surprise Minimizing RL in Entropic Environments},
  author={Berseth, Glen and Geng, Daniel and Devin, Coline and Jayaraman, Dinesh and Finn, Chelsea and Levine, Sergey},
  year={2019}
}

@article{vdn,
  title={Value-decomposition networks for cooperative multi-agent learning},
  author={Sunehag, Peter and Lever, Guy and Gruslys, Audrunas and Czarnecki, Wojciech Marian and Zambaldi, Vinicius and Jaderberg, Max and Lanctot, Marc and Sonnerat, Nicolas and Leibo, Joel Z and Tuyls, Karl and others},
  journal={arXiv preprint arXiv:1706.05296},
  year={2017}
}

@inproceedings{iql,
  title={Multi-agent reinforcement learning: Independent vs. cooperative agents},
  author={Tan, Ming},
  booktitle={Proceedings of the tenth international conference on machine learning},
  pages={330--337},
  year={1993}
}


